<?xml version="1.0" encoding="UTF-8"?><collection xmlns="http://www.loc.gov/MARC21/slim"><record><leader>00472nam--2200133-i-4500</leader><controlfield tag="001">000024077</controlfield><controlfield tag="002">20161230</controlfield><controlfield tag="005">20161230201035</controlfield><controlfield tag="008">060222s1000------------r-----000-0-eng-d</controlfield><datafield ind1=" " ind2=" " tag="080"><subfield code="a">550.34:061.62(7/8)</subfield></datafield><datafield ind1=" " ind2=" " tag="100"><subfield code="a">Greve, Federico S</subfield></datafield><datafield ind1=" " ind2=" " tag="245"><subfield code="a">Guia de las instituciones sismologicas de america. publicacion  no. 6 de la comision de cartografia, comite de sismologia</subfield></datafield><datafield ind1=" " ind2=" " tag="260"><subfield code="a">Santiago De Chile, Instituto Panamerican De Geografia E Historia, 1953, Dif.P</subfield></datafield><datafield ind1=" " ind2=" " tag="852"><subfield code="a">47791</subfield></datafield></record></collection>